<?xml version="1.0" encoding="UTF-8"?><record xmlns="http://www.loc.gov/MARC21/slim" xmlns:cinclude="http://apache.org/cocoon/include/1.0" xmlns:zs="http://www.loc.gov/zing/srw/">
  <leader>00836cz  a2200193n  4500</leader>
  <controlfield tag="001">no2009185244</controlfield>
  <controlfield tag="003">DLC</controlfield>
  <controlfield tag="005">20130327084044.0</controlfield>
  <controlfield tag="008">091117n| azannaabn          |a aaa     c</controlfield>
  <datafield tag="010" ind1=" " ind2=" ">
    <subfield code="a">no2009185244</subfield>
  </datafield>
  <datafield tag="035" ind1=" " ind2=" ">
    <subfield code="a">(OCoLC)oca08309534</subfield>
  </datafield>
  <datafield tag="040" ind1=" " ind2=" ">
    <subfield code="a">DFo</subfield>
    <subfield code="b">eng</subfield>
    <subfield code="e">rda</subfield>
    <subfield code="c">DFo</subfield>
    <subfield code="d">DLC</subfield>
  </datafield>
  <datafield tag="046" ind1=" " ind2=" ">
    <subfield code="f">1851</subfield>
  </datafield>
  <datafield tag="100" ind1="1" ind2=" ">
    <subfield code="a">Siddons, Henry George Impey,</subfield>
    <subfield code="d">1851-</subfield>
  </datafield>
  <datafield tag="400" ind1="1" ind2=" ">
    <subfield code="a">Siddons, H. G. I.</subfield>
    <subfield code="q">(Henry George Impey),</subfield>
    <subfield code="d">1851-</subfield>
  </datafield>
  <datafield tag="400" ind1="1" ind2=" ">
    <subfield code="w">nnea</subfield>
    <subfield code="a">Siddons, Henry George Impey,</subfield>
    <subfield code="d">b. 1851</subfield>
  </datafield>
  <datafield tag="670" ind1=" " ind2=" ">
    <subfield code="a">North family collection of letters and papers relating to Tate Wilkinson, Mrs. Siddons, and the North family of York [manuscript], 1732-1955</subfield>
    <subfield code="b">(H.G.I. Siddons)</subfield>
  </datafield>
  <datafield tag="670" ind1=" " ind2=" ">
    <subfield code="a">Alumni oxon</subfield>
    <subfield code="b">(Siddons, Henry George Impey; Worcester Coll. matric. 18 Oct. 1869, aged 17)</subfield>
  </datafield>
  <datafield tag="670" ind1=" " ind2=" ">
    <subfield code="a">Kemble genealogy page, viewed 16 Nov. 2009</subfield>
    <subfield code="b">(Henry George Impey Siddons (1851-aft.1931))</subfield>
  </datafield>
</record>